@misc{tensorflow,
      title={TensorFlow: A system for large-scale machine learning}, 
      author={Martín Abadi and others},
      year={2016},
      eprint={1605.08695},
      archivePrefix={arXiv},
      primaryClass={cs.DC}
}

@misc{adam,
      title={Adam: A Method for Stochastic Optimization}, 
      author={Diederik P. Kingma and Jimmy Ba},
      year={2017},
      eprint={1412.6980},
      archivePrefix={arXiv},
      primaryClass={cs.LG}
}

@misc{keras,
author = {François Chollet },
title = {keras},
year = {2015},
publisher = {GitHub},
journal = {GitHub repository},
howpublished = {\url{https://github.com/fchollet/keras}},
commit = {5bcac37}
}

@book{hl-lhc,
      author        = "Aberle, O. and others",
      title         = "{High-Luminosity Large Hadron Collider (HL-LHC): Technical
                       design report}",
      publisher     = "CERN",
      address       = "Geneva",
      series        = "CERN Yellow Reports: Monographs",
      year          = "2020",
      url           = "https://cds.cern.ch/record/2749422",
      doi           = "10.23731/CYRM-2020-0010",
}

@ARTICLE{trigger-system,
       author = {{Khachatryan}, V. and others},
        title = "{The CMS trigger system}",
      journal = {Journal of Instrumentation},
     keywords = {Physics - Instrumentation and Detectors, High Energy Physics - Experiment},
         year = 2017,
        month = jan,
       volume = {12},
       number = {1},
        pages = {P01020},
          doi = {10.1088/1748-0221/12/01/P01020},
archivePrefix = {arXiv},
       eprint = {1609.02366},
 primaryClass = {physics.ins-det},
       adsurl = {https://ui.adsabs.harvard.edu/abs/2017JInst..12P1020K},
      adsnote = {Provided by the SAO/NASA Astrophysics Data System}
}

@misc{data,
    author = "Kinga A. Wozniak and others",
    title = "Harnessing anomaly detection algorithms to search for new physics in events with jets at the LHC",
}

@misc{qkeras,
      title={Automatic heterogeneous quantization of deep neural networks for low-latency inference on the edge for particle detectors}, 
      author={Claudionor N. Coelho Jr. and others},
      year={2021},
      eprint={2006.10159},
      archivePrefix={arXiv},
      primaryClass={physics.ins-det}
}

@article{garnet,
   title={Distance-Weighted Graph Neural Networks on FPGAs for Real-Time Particle Reconstruction in High Energy Physics},
   volume={3},
   ISSN={2624-909X},
   url={http://dx.doi.org/10.3389/fdata.2020.598927},
   DOI={10.3389/fdata.2020.598927},
   journal={Frontiers in Big Data},
   publisher={Frontiers Media SA},
   author={Iiyama Yutaro and others},
   year={2021},
   month={Jan}
}

@misc{katya,
      title={Autoencoders on FPGAs for real-time, unsupervised new physics detection at 40 MHz at the Large Hadron Collider}, 
      author={Ekaterina Govorkova and others},
      year={2021},
      eprint={2108.03986},
      archivePrefix={arXiv},
      primaryClass={physics.ins-det}
}

@misc{autoencoders,
      title={Autoencoders}, 
      author={Dor Bank and Noam Koenigstein and Raja Giryes},
      year={2021},
      eprint={2003.05991},
      archivePrefix={arXiv},
      primaryClass={cs.LG}
}

@misc{image-autoencoder,
      title={An Autoencoder-based Learned Image Compressor: Description of Challenge Proposal by NCTU}, 
      author={David Alexandre and Chih-Peng Chang and Wen-Hsiao Peng and Hsueh-Ming Hang},
      year={2019},
      eprint={1902.07385},
      archivePrefix={arXiv},
      primaryClass={cs.CV}
}

@article{dnn,
   title={Fast inference of deep neural networks in FPGAs for particle physics},
   volume={13},
   ISSN={1748-0221},
   url={http://dx.doi.org/10.1088/1748-0221/13/07/P07027},
   DOI={10.1088/1748-0221/13/07/p07027},
   number={07},
   journal={Journal of Instrumentation},
   publisher={IOP Publishing},
   author={Duarte, J and others},
   year={2018},
   month={Jul},
   pages={P07027–P07027}
}

@article{garnet2,
   title={Learning representations of irregular particle-detector geometry with distance-weighted graph networks},
   volume={79},
   ISSN={1434-6052},
   url={http://dx.doi.org/10.1140/epjc/s10052-019-7113-9},
   DOI={10.1140/epjc/s10052-019-7113-9},
   number={7},
   journal={The European Physical Journal C},
   publisher={Springer Science and Business Media LLC},
   author={Qasim, Shah Rukh and Kieseler, Jan and Iiyama, Yutaro and Pierini, Maurizio},
   year={2019},
   month={Jul}
}

@article{graviton,
   title={Large Mass Hierarchy from a Small Extra Dimension},
   volume={83},
   ISSN={1079-7114},
   url={http://dx.doi.org/10.1103/PhysRevLett.83.3370},
   DOI={10.1103/physrevlett.83.3370},
   number={17},
   journal={Physical Review Letters},
   publisher={American Physical Society (APS)},
   author={Randall, Lisa and Sundrum, Raman},
   year={1999},
   month={Oct},
   pages={3370–3373}
}

@misc{scikit-learn,
      title={Scikit-learn: Machine Learning in Python}, 
      author={Fabian Pedregosa and others},
      year={2018},
      eprint={1201.0490},
      archivePrefix={arXiv},
      primaryClass={cs.LG}
}

@article{delphes,
   title={DELPHES 3: a modular framework for fast simulation of a generic collider experiment},
   volume={2014},
   ISSN={1029-8479},
   url={http://dx.doi.org/10.1007/JHEP02(2014)057},
   DOI={10.1007/jhep02(2014)057},
   number={2},
   journal={Journal of High Energy Physics},
   publisher={Springer Science and Business Media LLC},
   author={de Favereau, J. and others},
   year={2014},
   month={Feb}
}
